--- COMMENTS may be placed outside the @ENTRYTYPE{ ... } stuctures
--- CMS guidelines
---- Every journal article citation should include the DOI, assuming one exists.
---- All URLs for CMS notes, ANs, etc, should refer to the CDS server, not the CMS server. Use our standard format for them, as shown below.
----  CMS Notes not available on CDS are regarded as private and may not be cited.
----  CMS physics papers (i.e., those intended for publication in journals) may reference only POG PASs, not PAG PASs.
---- For papers by collaborations, list the collaboration in the COLLABOROATION field and put the first author and "and others" in the AUTHOR field.
----  If only the collaboration is listed as the author, put "{XXX Collaboration}" under AUTHOR.
---- Number of authors to list:
----   PRL requests that we include all authors up to fifteen except for large collaborations, and we take this as our internal guide as well.
----   The individual journal bib style file (theirs, ours, PLB, etc.) will truncate at the appropriate point. We have ours set to _3_ as
----   a reminder to list the appropriate number. For larger collaborations, just use first author + "and others".
---- Use only the URL field instead of embedding an href (this is a change in our practice).
---- A reference only published on the arXiv should be listed as UNPUBLISHED (with a note "Submitted to XXX" for large collaboration papers).
----   Experimental papers only on the arXiv and not submitted for publication may not be cited.
---- Some journals will lowercase the title: use {} to protect words which must be capitalized, e.g., {LHC}, {TeV}, {CERN}, {CMS}.
----  Do not escape the entire title as it will then clash with the journal style.
---- Journal names: the journals generally include the series in the journal name, "Physical Review D", vol 5, rather than PR D5
%
% Notes hosted only on CDS are listed as TECHREPORTs.
%

@article{Mangano:2002ea,
      author         = "Mangano, Michelangelo L. and Moretti, Mauro and
                        Piccinini, Fulvio and Pittau, Roberto and Polosa, Antonio
                        D.",
      title          = "{ALPGEN, a generator for hard multiparton processes in
                        hadronic collisions}",
      journal        = "JHEP",
      volume         = "0307",
      pages          = "001",
      doi            = "10.1088/1126-6708/2003/07/001",
      year           = "2003",
      eprint         = "hep-ph/0206293",
      archivePrefix  = "arXiv",
      primaryClass   = "hep-ph",
      reportNumber   = "CERN-TH-2002-129, FTN-T-2002-06",
      SLACcitation   = "%%CITATION = HEP-PH/0206293;%%",
}

@article{Botje:2011sn,
      author         = "Botje, Michiel and Butterworth, Jon and Cooper-Sarkar,
                        Amanda and de Roeck, Albert and Feltesse, Joel and others",
      title          = "{The PDF4LHC Working Group Interim Recommendations}",
      year           = "2011",
      eprint         = "1101.0538",
      archivePrefix  = "arXiv",
      primaryClass   = "hep-ph",
      SLACcitation   = "%%CITATION = ARXIV:1101.0538;%%",
}

@techreport{CMS-PAS-BTV-13-001,
      title         = "{Performance of b tagging at sqrt(s)=8 TeV in multijet,
                       ttbar and boosted topology events}",
      institution   = "CERN",
      collaboration = "CMS Collaboration",
      address       = "Geneva",
      number        = "CMS-PAS-BTV-13-001",
      year          = "2013",
}

@article{Aad:2013vka,
      author         = "Aad, Georges and others",
      title          = "{Measurement of the cross-section for W boson production
                        in association with b-jets in pp collisions at $\sqrt{s}$
                        = 7 TeV with the ATLAS detector}",
      collaboration  = "ATLAS Collaboration",
      journal        = "JHEP",
      volume         = "1306",
      pages          = "084",
      doi            = "10.1007/JHEP06(2013)084",
      year           = "2013",
      eprint         = "1302.2929",
      archivePrefix  = "arXiv",
      primaryClass   = "hep-ex",
      reportNumber   = "CERN-PH-EP-2012-357",
      SLACcitation   = "%%CITATION = ARXIV:1302.2929;%%",
}

@article{Chatrchyan:2013uza,
      author         = "Chatrchyan, Serguei and others",
      title          = "{Measurement of the production cross section for a W
                        boson and two b jets in pp collisions at sqrt(s) = 7 TeV}",
      collaboration  = "CMS Collaboration",
      journal        = "Phys.Lett.",
      volume         = "B735",
      pages          = "204",
      doi            = "10.1016/j.physletb.2014.06.041",
      year           = "2014",
      eprint         = "1312.6608",
      archivePrefix  = "arXiv",
      primaryClass   = "hep-ex",
      reportNumber   = "CMS-SMP-12-026, CERN-PH-EP-2013-223,
                        CERN-PH-EP-2013-2223",
      SLACcitation   = "%%CITATION = ARXIV:1312.6608;%%",
}

@article{Aad:2014dvb,
      author         = "Aad, Georges and others",
      title          = "{Measurement of differential production cross-sections
                        for a $Z$ boson in association with $b$-jets in 7 TeV
                        proton-proton collisions with the ATLAS detector}",
      collaboration  = "ATLAS Collaboration",
      year           = "2014",
      eprint         = "1407.3643",
      archivePrefix  = "arXiv",
      primaryClass   = "hep-ex",
      reportNumber   = "CERN-PH-EP-2014-118",
      SLACcitation   = "%%CITATION = ARXIV:1407.3643;%%",
}

@article{Aad:2011jn,
      author         = "Aad, Georges and others",
      title          = "{Measurement of the cross-section for $b^-$ jets produced
                        in association with a $Z$ boson at $\sqrt{s}=7$ TeV with
                        the ATLAS detector}",
      collaboration  = "ATLAS Collaboration",
      journal        = "Phys.Lett.",
      volume         = "B706",
      pages          = "295-313",
      doi            = "10.1016/j.physletb.2011.11.059",
      year           = "2012",
      eprint         = "1109.1403",
      archivePrefix  = "arXiv",
      primaryClass   = "hep-ex",
      reportNumber   = "CERN-PH-EP-2011-133",
      SLACcitation   = "%%CITATION = ARXIV:1109.1403;%%",
}

@article{Chatrchyan:2013zja,
      author         = "Chatrchyan, Serguei and others",
      title          = "{Measurement of the cross section and angular
                        correlations for associated production of a Z boson with b
                        hadrons in pp collisions at $\sqrt{s} =$ 7 TeV}",
      collaboration  = "CMS Collaboration",
      journal        = "JHEP",
      volume         = "1312",
      pages          = "039",
      doi            = "10.1007/JHEP12(2013)039",
      year           = "2013",
      eprint         = "1310.1349",
      archivePrefix  = "arXiv",
      primaryClass   = "hep-ex",
      reportNumber   = "CMS-EWK-11-015, CERN-PH-EP-2013-153",
      SLACcitation   = "%%CITATION = ARXIV:1310.1349;%%",
}

@article{Chatrchyan:2014dha,
      author         = "Chatrchyan, Serguei and others",
      title          = "{Measurement of the production cross sections for a Z
                        boson and one or more b jets in pp collisions at sqrt(s) =
                        7 TeV}",
      collaboration  = "CMS Collaboration",
      journal        = "JHEP",
      volume         = "1406",
      pages          = "120",
      doi            = "10.1007/JHEP06(2014)120",
      year           = "2014",
      eprint         = "1402.1521",
      archivePrefix  = "arXiv",
      primaryClass   = "hep-ex",
      reportNumber   = "CMS-SMP-13-004, CERN-PH-EP-2014-005",
      SLACcitation   = "%%CITATION = ARXIV:1402.1521;%%",
}

@article{Chatrchyan:2012vr,
      author         = "Chatrchyan, Serguei and others",
      title          = "{Measurement of the Z/gamma*+b-jet cross section in pp
                        collisions at 7 TeV}",
      collaboration  = "CMS Collaboration",
      journal        = "JHEP",
      volume         = "1206",
      pages          = "126",
      doi            = "10.1007/JHEP06(2012)126",
      year           = "2012",
      eprint         = "1204.1643",
      archivePrefix  = "arXiv",
      primaryClass   = "hep-ex",
      reportNumber   = "CMS-EWK-11-012, CERN-PH-EP-2012-049",
      SLACcitation   = "%%CITATION = ARXIV:1204.1643;%%",
}

@article{Maltoni:2012pa,
      author         = "Maltoni, Fabio and Ridolfi, Giovanni and Ubiali, Maria",
      title          = "{b-initiated processes at the LHC: a reappraisal}",
      journal        = "JHEP",
      volume         = "1207",
      pages          = "022",
      doi            = "10.1007/JHEP04(2013)095, 10.1007/JHEP07(2012)022",
      year           = "2012",
      eprint         = "1203.6393",
      archivePrefix  = "arXiv",
      primaryClass   = "hep-ph",
      reportNumber   = "CP3-12-15, TTK-12-11",
      SLACcitation   = "%%CITATION = ARXIV:1203.6393;%%",
}

@article{Frixione:2002ik,
      author         = "Frixione, Stefano and Webber, Bryan R.",
      title          = "{Matching NLO QCD computations and parton shower
                        simulations}",
      journal        = "JHEP",
      volume         = "0206",
      pages          = "029",
      doi            = "10.1088/1126-6708/2002/06/029",
      year           = "2002",
      eprint         = "hep-ph/0204244",
      archivePrefix  = "arXiv",
      primaryClass   = "hep-ph",
      reportNumber   = "CAVENDISH-HEP-02-01, LAPTH-905-02, GEF-TH-2-2002",
      SLACcitation   = "%%CITATION = HEP-PH/0204244;%%",
}

@article{FebresCordero:2008ci,
      author         = "Febres Cordero, F. and Reina, L. and Wackeroth, D.",
      title          = "{NLO QCD corrections to $Z b \bar{b}$ production with
                        massive bottom quarks at the Fermilab Tevatron}",
      journal        = "Phys.Rev.",
      volume         = "D78",
      pages          = "074014",
      doi            = "10.1103/PhysRevD.78.074014",
      year           = "2008",
      eprint         = "0806.0808",
      archivePrefix  = "arXiv",
      primaryClass   = "hep-ph",
      reportNumber   = "FSU-HEP-2008-0531",
      SLACcitation   = "%%CITATION = ARXIV:0806.0808;%%",
}

@article{Campbell:2000bg,
      author         = "Campbell, John M. and Ellis, R. Keith",
      title          = "{Radiative corrections to Z b anti-b production}",
      journal        = "Phys.Rev.",
      volume         = "D62",
      pages          = "114012",
      doi            = "10.1103/PhysRevD.62.114012",
      year           = "2000",
      eprint         = "hep-ph/0006304",
      archivePrefix  = "arXiv",
      primaryClass   = "hep-ph",
      reportNumber   = "FERMILAB-PUB-00-145-T",
      SLACcitation   = "%%CITATION = HEP-PH/0006304;%%",
}

@article{Gleisberg:2008ta,
      author         = "Gleisberg, T. and Hoeche, Stefan. and Krauss, F. and
                        Schonherr, M. and Schumann, S. and others",
      title          = "{Event generation with SHERPA 1.1}",
      journal        = "JHEP",
      volume         = "0902",
      pages          = "007",
      doi            = "10.1088/1126-6708/2009/02/007",
      year           = "2009",
      eprint         = "0811.4622",
      archivePrefix  = "arXiv",
      primaryClass   = "hep-ph",
      reportNumber   = "FERMILAB-PUB-08-477-T, SLAC-PUB-13420, ZU-TH-17-08,
                        DCPT-08-138, IPPP-08-69, EDINBURGH-2008-30, MCNET-08-14",
      SLACcitation   = "%%CITATION = ARXIV:0811.4622;%%",
}

@article{Alwall:2011uj,
      author         = "Alwall, Johan and Herquet, Michel and Maltoni, Fabio and
                        Mattelaer, Olivier and Stelzer, Tim",
      title          = "{MadGraph 5 : Going Beyond}",
      journal        = "JHEP",
      volume         = "1106",
      pages          = "128",
      doi            = "10.1007/JHEP06(2011)128",
      year           = "2011",
      eprint         = "1106.0522",
      archivePrefix  = "arXiv",
      primaryClass   = "hep-ph",
      reportNumber   = "FERMILAB-PUB-11-448-T",
      SLACcitation   = "%%CITATION = ARXIV:1106.0522;%%",
}

@article{Alwall:2007st,
      author         = "Alwall, Johan and Demin, Pavel and de Visscher, Simon and
                        Frederix, Rikkert and Herquet, Michel and others",
      title          = "{MadGraph/MadEvent v4: The New Web Generation}",
      journal        = "JHEP",
      volume         = "0709",
      pages          = "028",
      doi            = "10.1088/1126-6708/2007/09/028",
      year           = "2007",
      eprint         = "0706.2334",
      archivePrefix  = "arXiv",
      primaryClass   = "hep-ph",
      reportNumber   = "SLAC-PUB-12603, CP3-07-17",
      SLACcitation   = "%%CITATION = ARXIV:0706.2334;%%",
}

@article{Chatrchyan:2012ufa,
      author         = "Chatrchyan, Serguei and others",
      title          = "{Observation of a new boson at a mass of 125 GeV with the
                        CMS experiment at the LHC}",
      collaboration  = "CMS Collaboration",
      journal        = "Phys.Lett.",
      volume         = "B716",
      pages          = "30-61",
      doi            = "10.1016/j.physletb.2012.08.021",
      year           = "2012",
      eprint         = "1207.7235",
      archivePrefix  = "arXiv",
      primaryClass   = "hep-ex",
      reportNumber   = "CMS-HIG-12-028, CERN-PH-EP-2012-220",
      SLACcitation   = "%%CITATION = ARXIV:1207.7235;%%",
}

@article{Aad:2012tfa,
      author         = "Aad, Georges and others",
      title          = "{Observation of a new particle in the search for the
                        Standard Model Higgs boson with the ATLAS detector at the
                        LHC}",
      collaboration  = "ATLAS Collaboration",
      journal        = "Phys.Lett.",
      volume         = "B716",
      pages          = "1-29",
      doi            = "10.1016/j.physletb.2012.08.020",
      year           = "2012",
      eprint         = "1207.7214",
      archivePrefix  = "arXiv",
      primaryClass   = "hep-ex",
      reportNumber   = "CERN-PH-EP-2012-218",
      SLACcitation   = "%%CITATION = ARXIV:1207.7214;%%",
}

@article{Aad:2013bjm,
      author         = "Aad, Georges and others",
      title          = "{Measurement of hard double-parton interactions in $W(\to
                        l\nu)$+ 2 jet events at $\sqrt{s}$=7 TeV with the ATLAS
                        detector}",
      collaboration  = "ATLAS Collaboration",
      journal        = "New J.Phys.",
      volume         = "15",
      pages          = "033038",
      doi            = "10.1088/1367-2630/15/3/033038",
      year           = "2013",
      eprint         = "1301.6872",
      archivePrefix  = "arXiv",
      primaryClass   = "hep-ex",
      reportNumber   = "CERN-PH-EP-2012-355",
      SLACcitation   = "%%CITATION = ARXIV:1301.6872;%%",
}

@article{Chatrchyan:2013xxa,
      author         = "Chatrchyan, Serguei and others",
      title          = "{Study of double parton scattering using W + 2-jet events
                        in proton-proton collisions at $\sqrt{s}$ = 7 TeV}",
      collaboration  = "CMS Collaboration",
      journal        = "JHEP",
      volume         = "1403",
      pages          = "032",
      doi            = "10.1007/JHEP03(2014)032",
      year           = "2014",
      eprint         = "1312.5729",
      archivePrefix  = "arXiv",
      primaryClass   = "hep-ex",
      reportNumber   = "CMS-FSQ-12-028, CERN-PH-EP-2013-224",
      SLACcitation   = "%%CITATION = ARXIV:1312.5729;%%",
}

@article{Stewart:2011cf,
      author         = "Stewart, Iain W. and Tackmann, Frank J.",
      title          = "{Theory Uncertainties for Higgs and Other Searches Using
                        Jet Bins}",
      journal        = "Phys.Rev.",
      volume         = "D85",
      pages          = "034011",
      doi            = "10.1103/PhysRevD.85.034011",
      year           = "2012",
      eprint         = "1107.2117",
      archivePrefix  = "arXiv",
      primaryClass   = "hep-ph",
      SLACcitation   = "%%CITATION = ARXIV:1107.2117;%%",
}

@article{Chatrchyan:2012ep,
      author         = "Chatrchyan, Serguei and others",
      title          = "{Measurement of the single-top-quark $t$-channel cross
                        section in $pp$ collisions at $\sqrt{s}=7$ TeV}",
      collaboration  = "CMS Collaboration",
      journal        = "JHEP",
      volume         = "1212",
      pages          = "035",
      doi            = "10.1007/JHEP12(2012)035",
      year           = "2012",
      eprint         = "1209.4533",
      archivePrefix  = "arXiv",
      primaryClass   = "hep-ex",
      reportNumber   = "CMS-TOP-11-021, CERN-PH-EP-2012-274",
      SLACcitation   = "%%CITATION = ARXIV:1209.4533;%%",
}

@article{CMS:2014gta,
      author         = "CMS Collaboration",
      title          = "{Combination of ATLAS and CMS top quark pair cross
                        section measurements in the emu final state using
                        proton-proton collisions at 8 TeV}",
      collaboration  = "CMS Collaboration",
      year           = "2014",
      reportNumber   = "CMS-PAS-TOP-14-016",
      SLACcitation   = "%%CITATION = CMS-PAS-TOP-14-016 ETC.;%%",
}

@article{Ball:2011mu,
      author         = "Ball, Richard D. and Bertone, Valerio and Cerutti,
                        Francesco and Del Debbio, Luigi and Forte, Stefano and
                        others",
      title          = "{Impact of Heavy Quark Masses on Parton Distributions and
                        LHC Phenomenology}",
      journal        = "Nucl.Phys.",
      volume         = "B849",
      pages          = "296-363",
      doi            = "10.1016/j.nuclphysb.2011.03.021",
      year           = "2011",
      eprint         = "1101.1300",
      archivePrefix  = "arXiv",
      primaryClass   = "hep-ph",
      reportNumber   = "EDINBURGH-2011-01, IFUM-969-FT, FR-PHENO-2010-043,
                        RWTH-TTK-11-02",
      SLACcitation   = "%%CITATION = ARXIV:1101.1300;%%",
}

@article{Lai:2010vv,
      author         = "Lai, Hung-Liang and Guzzi, Marco and Huston, Joey and Li,
                        Zhao and Nadolsky, Pavel M. and others",
      title          = "{New parton distributions for collider physics}",
      journal        = "Phys.Rev.",
      volume         = "D82",
      pages          = "074024",
      doi            = "10.1103/PhysRevD.82.074024",
      year           = "2010",
      eprint         = "1007.2241",
      archivePrefix  = "arXiv",
      primaryClass   = "hep-ph",
      reportNumber   = "MSUHEP-100707, SMU-HEP-10-10",
      SLACcitation   = "%%CITATION = ARXIV:1007.2241;%%",
}

@article{Alekhin:2011sk,
      author         = "Alekhin, Sergey and Alioli, Simone and Ball, Richard D.
                        and Bertone, Valerio and Blumlein, Johannes and others",
      title          = "{The PDF4LHC Working Group Interim Report}",
      year           = "2011",
      eprint         = "1101.0536",
      archivePrefix  = "arXiv",
      primaryClass   = "hep-ph",
      SLACcitation   = "%%CITATION = ARXIV:1101.0536;%%",
}

@article{Gavin:2012sy,
      author         = "Gavin, Ryan and Li, Ye and Petriello, Frank and
                        Quackenbush, Seth",
      title          = "{W Physics at the LHC with FEWZ 2.1}",
      journal        = "Comput.Phys.Commun.",
      volume         = "184",
      pages          = "208-214",
      doi            = "10.1016/j.cpc.2012.09.005",
      year           = "2013",
      eprint         = "1201.5896",
      archivePrefix  = "arXiv",
      primaryClass   = "hep-ph",
      reportNumber   = "ANL-HEP-PR-11-83, NUHEP-TH-12-01, PSI-PR-12-01",
      SLACcitation   = "%%CITATION = ARXIV:1201.5896;%%",
}


@article{Frederix:2011qg,
      author         = "Frederix, Rikkert and Frixione, Stefano and Hirschi,
                        Valentin and Maltoni, Fabio and Pittau, Roberto and
                        others",
      title          = "{W and $Z/\gamma*$ boson production in association with a
                        bottom-antibottom pair}",
      journal        = "JHEP",
      volume         = "1109",
      pages          = "061",
      doi            = "10.1007/JHEP09(2011)061",
      year           = "2011",
      eprint         = "1106.6019",
      archivePrefix  = "arXiv",
      primaryClass   = "hep-ph",
      reportNumber   = "CERN-PH-TH-2011-147, CP3-11-20, NSF-KITP-11-114,
                        ZH-TH-13-11",
      SLACcitation   = "%%CITATION = ARXIV:1106.6019;%%",
}

@Article{Aaltonen:2009qi,
  title = {First Measurement of the $b$-Jet Cross Section in Events with a $W$ Boson in $p\overline{p}$ Collisions at $\sqrt{s}=1.96\text{\,}\text{\,}\mathrm{TeV}$},
  collaboration = {CDF Collaboration},
  journal = {Phys. Rev. Lett.},
  volume = {104},
  issue = {13},
  pages = {131801},
  numpages = {8},
  year = {2010},
  month = {Apr},
  doi = {10.1103/PhysRevLett.104.131801},
  url = {http://link.aps.org/doi/10.1103/PhysRevLett.104.131801},
  publisher = {American Physical Society},
      eprint        = "0909.1505",
     archivePrefix  = "arXiv",
     primaryClass   = "hep-ex",
}




@Article{D0:2012qt,
     collaboration  = "D0",
     title          = "Measurement of the $p\bar{p} \to W+b+X$ production cross section at $\sqrt{s}=1.96$ TeV",
     journal = "Physics Letters B",
     volume = "718",
     number = "4–5",
     pages = "1314 - 1320",
     year = "2013",
     note = "",
     issn = "0370-2693",
      doi = "10.1016/j.physletb.2012.12.044",
      url = {"http://www.sciencedirect.com/science/article/pii/S037026931201297X"},
      eprint        = "1210.0627",
     archivePrefix  = "arXiv",
     primaryClass   = "hep-ex",
}

@Article{Aad:2011kp,
     collaboration  = "ATLAS",
     title          = "Measurement of the cross section for the production of a $W$ boson in association with $b$ jets in $pp$ collisions at $\sqrt{s}=7$ TeV with the ATLAS detector",
title = "Measurement of the cross section for the production of a W boson in association with b-jets in pp collisions at with the ATLAS detector",
journal = "Physics Letters B",
volume = "707",
number = "5",
pages = "418 - 437",
year = "2012",
note = "",
issn = "0370-2693",
doi = "10.1016/j.physletb.2011.12.046",
url = "http://www.sciencedirect.com/science/article/pii/S0370269311015036",
      eprint        = "1302.2929",
     archivePrefix  = "arXiv",
     primaryClass   = "hep-ex",
}


@Article{cmsJEC,
      COLLABORATION = "CMS",
      TITLE       = "Determination of jet energy calibration and transverse momentum resolution in {CMS}",
      AUTHOR      = "Chatrchyan, Serguei and others",
      JOURNAL     = "JINST",
      VOLUME      = "6",
      PAGES       = "P11002",
      DOI         = "10.1088/1748-0221/6/11/P11002",
      YEAR        = "2011"
}

@ARTICLE{CMS-PAS-MUO-10-002,
      author         = "Chatrchyan, S. and others",
      title          = "{Performance of CMS muon reconstruction in pp collision
                        events at $\sqrt{s}=7\TeV$}",
      collaboration  = "CMS",
      journal        = "JINST",
       volume         = "7",
       pages          = "P10002",
       doi            = "10.1088/1748-0221/7/10/P10002",
       year           = "2012",
       eprint         = "1206.4071",
       archivePrefix  = "arXiv",
       primaryClass   = "physics.ins-det",
       reportNumber   = "CMS-MUO-10-004, CERN-PH-EP-2012-173",
       SLACcitation   = "%%CITATION = ARXIV:1206.4071;%%",
}

@ARTICLE{GEANT,
      author         = "Agostinelli, S. and others",
      title          = "GEANT4---a simulation toolkit",
      collaboration  = "GEANT4",
      journal        = "Nucl. Instrum. Meth. A",
      volume         = "506",
      pages          = "250",
      doi            = "10.1016/S0168-9002(03)01368-8",
      year           = "2003",
      reportNumber   = "SLAC-PUB-9350, FERMILAB-PUB-03-339",
      SLACcitation   = "%%CITATION = NUIMA,A506,250;%%",
}


@article{Martin:2009iq,
     author         = "Martin, A. D. and Stirling, W. J. and Thorne, R. S. and Watt, G.",
     title          = "{Parton distributions for the LHC}",
     journal        = "Eur. Phys. J. C",
     volume         = "63",
     pages          = "189",
     doi            = "10.1140/epjc/s10052-009-1072-5",
     year           = "2009",
     eprint         = "0901.0002",
     archivePrefix  = "arXiv",
     primaryClass   = "hep-ph",
}

@Article{nnpdf,
     author    = "Ball, D. R. and Bertone, V. and Cerutti, F. and Del Debbio, L. and Forte, S. and Guffanti, A. and  Latorre, J. I. and Rojo, J. and Ubiali, M.",
     title     = "Impact of Heavy Quark Masses on Parton Distributions and LHC Phenomenology",
     journal   = "Nucl. Phys. B",
     volume    = "849",
     year      = "2011",
     pages     = "296",
     eprint    = "1101.1300",
     archivePrefix = "arXiv",
     primaryClass  =  "hep-ph",
     doi       = "10.1016/j.nuclphysb.2011.03.021",
}

@Article{CTEQ66,
     author    = "Lai, Hung-Liang and Huston, J. and Li, Z. and Nadolsky, P. and Pumplin, J. and Stump, D. and Yuan, C.-P.",
     title     = "Uncertainty induced by {QCD} coupling in the {CTEQ} global
                  analysis of parton distributions",
     journal   = "Phys. Rev. D",
     volume    = "82",
     year      = "2010",
     pages     = "054021",
     eprint    = "1004.4624",
     archivePrefix = "arXiv",
     primaryClass  =  "hep-ph",
     doi       = "10.1103/PhysRevD.82.054021",
}

@article{ct10,
     author         = "Lai, Huang-Liang and Guzzi, M. and Huston, J. and Li, Z. and Nadolsky, P. and Pumplin, J. and  Yuan, C.-P.",
     title          = "New parton distributions for collider physics",
     journal        = "Phys. Rev. D",
     volume         = "82",
     pages          = "074024",
     doi            = "10.1103/PhysRevD.82.074024",
     year           = "2010",
     eprint         = "1007.2241",
     archivePrefix  = "arXiv",
     primaryClass   = "hep-ph",
}


@Article{Frixione:2007vw,
     author    = "Frixione, Stefano and Nason, Paolo and Oleari, Carlo",
     title     = "{Matching NLO QCD computations with parton shower
                  simulations: the POWHEG method}",
     journal   = "JHEP",
     volume    = "11",
     year      = "2007",
     pages     = "070",
     eprint    = "0709.2092",
     archivePrefix = "arXiv",
     primaryClass  =  "hep-ph",
     doi       = "10.1088/1126-6708/2007/11/070",
     SLACcitation  = "%%CITATION = 0709.2092;%%"
}

@Article{Nason:2004rx,
     author    = "Nason, Paolo",
     title     = "{A new method for combining NLO QCD with shower Monte Carlo
                  algorithms}",
     journal   = "JHEP",
     volume    = "11",
     year      = "2004",
     pages     = "040",
     eprint    = "hep-ph/0409146",
     archivePrefix = "arXiv",
     doi       = "10.1088/1126-6708/2004/11/040",
     SLACcitation  = "%%CITATION = HEP-PH/0409146;%%"
}

@Article{Maltoni:2002qb,
     author    = "Maltoni, Fabio and Stelzer, Tim",
     title     = "{MadEvent: Automatic event generation with MadGraph}",
     journal   = "JHEP",
     volume    = "02",
     year      = "2003",
     pages     = "027",
     eprint    = "hep-ph/0208156",
     archivePrefix = "arXiv",
     doi       = "10.1088/1126-6708/2003/02/027",
     SLACcitation  = "%%CITATION = HEP-PH/0208156;%%"
}

@Article{Sjostrand:2006za,
     author    = "Sj{\"o}strand, Torbjorn and Mrenna, Stephen and Skands, Peter
                  Z.",
     title     = "{PYTHIA} 6.4 physics and manual",
     journal   = "JHEP",
     volume    = "05",
     year      = "2006",
     pages     = "026",
     eprint    = "hep-ph/0603175",
     archivePrefix = "arXiv",
     doi       = "10.1088/1126-6708/2006/05/026",
     SLACcitation  = "%%CITATION = HEP-PH/0603175;%%"
}

@Article{Alioli:2008gx,
     author    = "Alioli, S. and Nason, P. and Oleari, C. and  Re, E.",
     title     = "{NLO vector-boson production matched with shower in
                  POWHEG}",
     journal   = "JHEP",
     volume    = "07",
     year      = "2008",
     pages     = "060",
     eprint    = "0805.4802",
     archivePrefix = "arXiv",
     primaryClass  =  "hep-ph",
     doi       = "10.1088/1126-6708/2008/07/060",
     SLACcitation  = "%%CITATION = 0805.4802;%%"
}

@Article{CMSExperiment,
     author    = "Chatrchyan, S. and others",
     collaboration = "CMS",
     title     = "The {CMS} experiment at the {CERN} {LHC}",
     journal   = "JINST",
     volume    = "3",
     year      = "2008",
     pages     = "S08004",
     doi       = "10.1088/1748-0221/3/08/S08004",
     SLACcitation  = "%%CITATION = JINST,3,S08004;%%"
}


@Article{Madgraph5,
     author    = "Alwall, J. and Herquet, M. and Maltoni, F. and Mattelaer, O. and Stelzer, T.",
     title     = "MadGraph 5: going beyond",
     journal   = "JHEP",
     volume    = "06",
     year      = "2011",
     pages     = "128",
     doi           = "10.1007/JHEP06(2011)128",
     eprint    = "1106.0522",
     archivePrefix = "arXiv",
     primaryClass  =  "hep-ph",
     SLACcitation  = "%%CITATION = 1106.0522;%%"
}


@article{Campbell:2010ff,
      author         = "Campbell, John M. and Ellis, R.K.",
      title          = "MCFM for the Tevatron and the LHC",
      journal        = "Nucl. Phys. Proc. Suppl.",
      volume         = "205",
      pages          = "10",
      doi            = "10.1016/j.nuclphysbps.2010.08.011",
      year           = "2010",
      eprint         = "1007.3492",
      archivePrefix  = "arXiv",
      primaryClass   = "hep-ph",
      reportNumber   = "FERMILAB-CONF-10-244-T",
      SLACcitation   = "%%CITATION = ARXIV:1007.3492;%%",
}

@article{Badger:2010mg,
      author         = "Badger, Simon and Campbell, John M. and Ellis, R.K.",
      title          = "QCD corrections to the hadronic production of a heavy
                        quark pair and a W-boson including decay correlations",
      journal        = "JHEP",
      volume         = "03",
      pages          = "027",
      doi            = "10.1007/JHEP03(2011)027",
      year           = "2011",
      eprint         = "1011.6647",
      archivePrefix  = "arXiv",
      primaryClass   = "hep-ph",
      reportNumber   = "FERMILAB-PUB-10-482-T",
      SLACcitation   = "%%CITATION = ARXIV:1011.6647;%%",
}

@article{Oleari:2011ey,
      author         = "Oleari, Carlo and Reina, Laura",
      title          = "$\rm{W^{\pm}b\bar{b}}$ production in POWHEG",
      journal        = "JHEP",
      volume         = "08",
      pages          = "061",
      doi            = "10.1007/JHEP11(2011)040, 10.1007/JHEP08(2011)061",
      year           = "2011",
      eprint         = "1105.4488",
      archivePrefix  = "arXiv",
      primaryClass   = "hep-ph",
      SLACcitation   = "%%CITATION = ARXIV:1105.4488;%%",
}

@article{Cordero:2009kv,
      author         = "Febres Cordero, Fernando and Reina, L. and Wackeroth, D.",
      title          = "W- and Z-boson production with a massive bottom-quark
                        pair at the Large Hadron Collider",
      journal        = "Phys. Rev. D",
      volume         = "80",
      pages          = "034015",
      doi            = "10.1103/PhysRevD.80.034015",
      year           = "2009",
      eprint         = "0906.1923",
      archivePrefix  = "arXiv",
      primaryClass   = "hep-ph",
      reportNumber   = "FSU-HEP-2009-0314, UCLA-09-TEP-49",
      SLACcitation   = "%%CITATION = ARXIV:0906.1923;%%",
}



@TECHREPORT{CMS-PAS-PFT-09-001,
      AUTHOR      = "{CMS Collaboration}",
      COLLABORATION = "CMS",
      TITLE       = "Particle-Flow Event Reconstruction in CMS and Performance
                      for Jets, Taus, and MET",
      URL         = "http://cdsweb.cern.ch/record/1194487",
      TYPE        = "CMS Physics Analysis Summary",
      NUMBER      = "CMS-PAS-PFT-09-001",
      YEAR        = "2009"
}
@TECHREPORT{CMS-PAS-PFT-10-002,
      AUTHOR      = "{CMS Collaboration}",
      COLLABORATION = "CMS",
      TITLE       = "Commissioning of the Particle--Flow reconstruction in Minimum--Bias and Jet Events from pp Collisions at $7$~TeV",
      URL         = "http://cms-physics.web.cern.ch/cms-physics/public/PFT-10-002-pas.pdf",
      TYPE        = "CMS Physics Analysis Summary",
      NUMBER      = "CMS-PAS-PFT-10-002",
      YEAR        = "2010"
}

@ARTICLE{MUONPAS,
   COLLABORATION = "CMS",
   TITLE = "Performance of CMS muon identification in pp collisions at $\sqrt{s} = 7$ TeV",
   JOURNAL = "CMS PAS",
   VOLUME = "\href{http://cms.cern.ch/iCMS/analysisadmin/get?analysis=MUO-10-002-pas.pdf}{MUO-2010-002}",
   YEAR = "2010"}

%
@TECHREPORT{CMS-PAS-PFT-10-003,
      AUTHOR      = "{CMS Collaboration}",
      COLLABORATION = "CMS",
      TITLE       = "Commissioning of the particle-flow event reconstruction with leptons from J/$\psi$ and W decays at $7$~TeV",   
       URL         = "http://cms-physics.web.cern.ch/cms-physics/public/PFT-10-003-pas.pdf",
      TYPE        = "CMS Physics Analysis Summary",
      NUMBER      = "CMS-PAS-PFT-10-003",
      YEAR        = "2010"
}
@TECHREPORT{CMS_AN_2011-232,
     AUTHOR       = "M. Maes, J. D'Hont",
     TITLE        = "Combined measurement of the ttbar cross section and the b-tagging efficiency using muon+jet events",
     TYPE      = "CMS Note",
     NUMBER       = "2011/232",
     URL          = "http://cdsweb.cern.ch/record/962045",
     YEAR         = "2011"}
%%FIX URL!!!
@TECHREPORT{CMS_AN_2006-027,
     AUTHOR       = "Belotelov, I. and Golutvin, I. and Bourilkov, D. and Lanyov, A. and Rogalev, E. and Savina, M. and Shmatov, S.",
     TITLE        = "Search for {ADD} extra dimensional gravity in di-muon channel with the {CMS} Detector",
     TYPE      = "CMS Note",
     NUMBER       = "2006/076",
     URL          = "http://cdsweb.cern.ch/record/962045",
     YEAR         = "2006"}
@TECHREPORT{CMS_NOTE_2006-106,
     AUTHOR       = "Aldaya, M. and Arce, P. and Caballero, J. and de la Cruz, B. and Garcia-Abia, P. and Hernandez, J. M. and Josa, M. I. and Ruiz, E.",
     TITLE        = "Discovery potential and search strategy for the Standard Model {H}iggs boson in the {$H\to ZZ^\star\to 4\mu$} decay channel using a mass-independent analysis",
     TYPE      = "CMS Note",
     NUMBER       = "2006/106",
     URL          = "http://cdsweb.cern.ch/record/962058",
     YEAR         = "2006"}
%
% standard article
%
@Article{Brandt:1997gi,
     author    = "Brandt, A. and others",
 collaboration = "UA8",
     title     = "Measurements of single diffraction at $\sqrt{s} =$ 630 {GeV}:
                  Evidence for  a non-linear $\alpha(t)$ of the pomeron",
     journal   = "Nucl. Phys. B",
     volume    = "514",
     year      = "1998",
     pages     = "3",
     SLACcitation  = "%%CITATION = HEP-EX 9710004;%%",
     doi       = "10.1016/S0550-3213(97)00813-4"
}
@ARTICLE{Buchmuller:1986zs,
     AUTHOR       = "Buchm{\"u}ller, W. and Wyler, D.",
     TITLE        = "Constraints on {SU(5)}-type leptoquarks",
     JOURNAL      = "Phys. Lett. B",
     VOLUME       = "177",
     YEAR         = "1986",
     pages        = "377",
     SLACcitation  = "%%CITATION = PHLTA,B191,442;%%",
     doi          = "10.1016/0370-2693(86)90771-9"}
@Article{PTDR2,
     author    = "{CMS Collaboration}",
     title     = "{CMS} technical design report, volume {II}: {Physics}
                  performance",
     journal   = "J. Phys. G",
     volume    = "34",
     year      = "2007",
     pages     = "995-1579",
     doi       = "10.1088/0954-3899/34/6/S01",
     SLACcitation  = "%%CITATION = JPHGB,G34,995;%%"
}
% PAS are now TECHREPORTS. Same for Notes. A formatted list of PASs is located in [svn]/utils/branches/dev/general/pasBib-tech.bib
@TECHREPORT{CMS-PAS-JME-10-003,
      AUTHOR      = "{CMS Collaboration}",
      COLLABORATION = {CMS},
      TITLE       = "Jet Performance in pp Collisions at $\sqrt{s}$=7 {TeV}",
      URL         = "http://cdsweb.cern.ch/record/1279362",
      TYPE     = "CMS Physics Analysis Summary",
      NUMBER      = "CMS-PAS-JME-10-003",
      YEAR        = "2010"
}
%SPIRES had this one as R. Adolphi, et. al. Wrong. Now corrected in InspireHEP.
@Article{Chatrchyan:2008zzk,
     author    = "Chatrchyan, S. and others",
     collaboration = "CMS",
     title     = "The {CMS} experiment at the {CERN} {LHC}",
     journal   = "JINST",
     volume    = "3",
     year      = "2008",
     pages     = "S08004",
     doi       = "10.1088/1748-0221/3/08/S08004",
     SLACcitation  = "%%CITATION = JINST,3,S08004;%%"
}
%
% An example of a document which only appears on arXiv. This one could alternatively be cited as a TECHREPORT using any of the various laboratory report numbers when hosted on a lab server:
% reportNumber   = "CERN-PH-EP-2010-095, FERMILAB-TM-2480-PPD, LEPEWWG-2010-01, TEVEWWG-2010-01, ALEPH-2010-001-PHYSICS-2010-001, CDF-NOTE-10338, D0-NOTE-6130, DELPHI-DELPHI-2010-001-PHYS-952, L3-NOTE-2837, OPAL-PR432, SLAC-PUB-14301",
%
@UNPUBLISHED{LEPewkfits,
     author = "{ALEPH, CDF, D0, DELPHI, L3, OPAL, SLD Collaborations,
                                    the LEP Electroweak Working Group, the Tevatron Electroweak Working Group, and the SLD Electroweak and Heavy Flavour Groups}",
     title     = "Precision electroweak measurements and constraints on
the {Standard Model}",
     URL       = "http://lepewwg.web.cern.ch/LEPEWWG",
     eprint    = "1012.2367",
     archivePrefix = "arXiv",
     primaryClass  =  "hep-ex",
     year  = "2010",
     SLACcitation  = "%%CITATION = 1012.2367;%%"
}
%
% A document hosted on a laboratory server
%
@TECHREPORT{Bertram:2000br,
  author = " Bertram, I. and Landsberg, G. and Linnemann, J. and Partridge, R. and Paterno, M. and Prosper, H. B.",
  title =  "A Recipe for the construction of confidence limits",
  institution = "Fermilab",
  number     = "{TM-2104}",
  url = "http://lss.fnal.gov/archive/test-tm/2000/fermilab-tm-2104.pdf",
  year = "2000"
 }
 %
 % A document included in Proceedings. PRL may want the ADDRESS field as well.
 %
@INPROCEEDINGS{RooStats,
  AUTHOR       = "Moneta, L. and Belasco, K. and  Cranmer, K. S. and Lazzaro, A. and Piparo, D. and Schott, G. and Verkerke, W. and Wolf, M. ",
  TITLE        = "The {R}oo{S}tats {P}roject",
  BOOKTITLE = "13$^\text{th}$ International Workshop on Advanced Computing and Analysis Techniques in Physics Research (ACAT2010)",
  YEAR         = "2010",
  PUBLISHER = "SISSA",
  NOTE = "{PoS(ACAT2010)057}",
  URL          = "http://pos.sissa.it/archive/conferences/093/057/ACAT2010_057.pdf",
  eprint = "1009.1003",
  primaryClass = "physics.data-an"
}
%
% CMS/ATLAS papers submitted but not yet accepted; The SLACcitation is not required. This is only for illustration, these are now published.
% Upon acceptance the note is modified and the DOI included (if available).
%
@Unpublished{Khachatryan:2010mp,
     author    = "{CMS Collaboration}",
     collaboration = "CMS",
     title     = "Search for Pair Production of First-Generation Scalar Leptoquarks in pp Collisions at $\sqrt{s} = 7$ {TeV}",
     note  = "Submitted to \textit{Phys. Rev. Lett.}",
     eprint    = "1012.4031",
     archivePrefix = "arXiv",
     primaryClass  =  "hep-ex",
     year = "2010",
     SLACcitation  = "%%CITATION = 1012.4031;%%"
}
@Unpublished{CMS-PAPER-MUO-10-004,
     author    = "{CMS Collaboration}",
     collaboration = "CMS",
     title     = "Performance of CMS muon reconstruction in pp collision events at $\sqrt{s} = 7$\TeV",
     note  = "Submitted to \textit{J. Inst.}",
     eprint    = "1206.4071",
     archivePrefix = "arXiv",
     primaryClass  =  "physics.ins-det",
     year = "2012",
}
@Unpublished{ATLAS:2011aa,
        Archiveprefix = {arXiv},
        Author = {{ATLAS Collaboration}},
        Collaboration = {ATLAS},
        Eprint = {1112.2577},
        Note = {Submitted to \textit{Phys. Rev. Lett.}},
        Primaryclass = {hep-ex},
        Slaccitation = {%%CITATION = 1112.2577;%%},
        Title = {Search for the {H}iggs boson in the {$H\to$WW(*)$\to \ell^+ \nu \ell^- \bar{\nu}$} decay channel in pp collisions at $\sqrt{s}$ = 7 {TeV} with the {ATLAS} detector},
        Year = {2011}}
% Misc
@Article{Cacciari:2008gp,
     AUTHOR    = "Cacciari, Matteo and Salam, Gavin P. and Soyez, Gregory",
     title     = "The anti-$k_t$ jet clustering algorithm",
     JOURNAL   = "JHEP",
     VOLUME    = "04",
     YEAR      = "2008",
     PAGES     = "063",
     doi       = "10.1088/1126-6708/2008/04/063",
     eprint         = "0802.1189",
     archivePrefix  = "arXiv",
     primaryClass   = "hep-ex",
}

@Article{ANKAL,
 author="N. Akchurin and others",
      collaboration="CMS",
      title="Study of the dijet invariant mass distribution in W+jets events in pp collisions at $\sqrt{s}=7$~TeV",
      journal="CMS",
      volume="AN-11-266", 
      year="2011"
}

@Article{CDFresult,
     author    = "Aaltonen, T. and others",
 collaboration = "CDF",
     title     = "{Invariant Mass Distribution of Jet Pairs Produced in
                  Association with a W boson in ppbar Collisions at sqrt(s) =
                  1.96 TeV}",
     journal   = "Phys. Rev. Lett.",
     volume    = "106",
     year      = "2011",
     pages     = "171801",
     eprint    = "1104.0699",
     archivePrefix = "arXiv",
     primaryClass  =  "hep-ex",
     doi       = "10.1103/PhysRevLett.106.171801",
     SLACcitation  = "%%CITATION = 1104.0699;%%"
}


@Article{D0result,
     author    = "Abazov, Victor Mukhamedovich",
 collaboration = "D0",
     title     = "{Bounds on an anomalous dijet resonance in W+jets
                  production in ppbar collisions at sqrt{s} =1.96 TeV}",
     journal   = "Phys. Rev. Lett.",
     volume    = "107",
     year      = "2011",
     pages     = "011804",
     eprint    = "1106.1921",
     archivePrefix = "arXiv",
     primaryClass  =  "hep-ex",
     SLACcitation  = "%%CITATION = 1106.1921;%%"
}

@ARTICLE{JESPAS,
   COLLABORATION = "CMS",
   TITLE = "CMS Jet Performance in pp Collisions at $\sqrt{s} = 7$ TeV",
   JOURNAL = "CMS PAS",
   VOLUME = "\href{http://cms.cern.ch/iCMS/analysisadmin/get?analysis=JME-10-003-pas.pdf}{JME-2010-003}",
   YEAR = "2010"
}


%\cite{Hobbs:2010yg}
@Article{Hobbs:2010yg, 
  author     = "J.~D.~Hobbs, M.~S.~Neubauer, and S.~Willenbrock",
  title      = "Tests of the Standard Electroweak Model at the Energy Frontier",
  journal    = "Rev. Mod. Phys.",
  volume     = "to be published",
  year       = "2011",
  eprint    = "1003.5733 [hep-ex]",
  archivePrefix = "arXiv"}



@ARTICLE{CDF-diboson-lvjj-2010,
   author = "T. Aaltonen et al. (CDF Collaboration)",
   TITLE = "Measurement of the WW+WZ Production Cross Section Using the lepton+jets Final State at CDF II",
   JOURNAL = "Phys. Rev. Lett.",
    VOLUME = "104, 101801",
   YEAR = "2010"}



@ARTICLE{ECALDP,
   COLLABORATION = "CMS",
   TITLE = "Electron Reconstruction and Identification at $\sqrt{s} = 7$ TeV",
   JOURNAL = "CMS Detector Performance Summary",
   VOLUME = "\href{http://cdsweb.cern.ch/collection/CMS%20Detector%20Performance%20Summaries?ln=en}{DP-2010-032}",
   YEAR = "2010"}


@ARTICLE{CMS-PAS-EGM-10-003,
      AUTHOR      = "{CMS Collaboration}",
      COLLABORATION = {CMS},
      TITLE       = "Electromagnetic calorimeter calibration with 7 TeV data",
      URL         = "http://cdsweb.cern.ch/record/1279350",
      JOURNAL     = "CMS Physics Analysis Summary",
      VOLUME      = "\href{http://cdsweb.cern.ch/record/1279350}{CMS-PAS-EGM-10-003}",
      YEAR        = "2010"
}







@ARTICLE{CMS-PAS-EGM-10-004,
      AUTHOR      = "{CMS Collaboration}",
      COLLABORATION = {CMS},
      TITLE       = "Electron Reconstruction and Selection Studies with First   CMS 7 TeV Data",
      URL         = "http://cdsweb.cern.ch/record/1299116",
      JOURNAL     = "CMS Physics Analysis Summary",
      VOLUME      = "\href{http://cdsweb.cern.ch/record/1299116}{CMS-PAS-EGM-10-004}",
      YEAR        = "2010"
}





@ARTICLE{PFMET,
   COLLABORATION = "CMS",
   TITLE = "Particle-flow commissioning with muons and electrons from J/Psi, and W events at 7 TeV",
   JOURNAL = "CMS PAS",
   VOLUME = "\href{http://cms.cern.ch/iCMS/analysisadmin/get?analysis=PFT-10-003-pas.pdf}{PFT-2010-003}",
   YEAR = "2010"}

@ARTICLE{lumiPAS2010,
   COLLABORATION = "CMS",
   TITLE = "Measurement of CMS luminosity",
   JOURNAL = "CMS PAS",
   VOLUME = "\href{http://cms.cern.ch/iCMS/analysisadmin/get?analysis=EWK-10-004-pas.pdf}{EWK-2010-004}",
   YEAR = "2010"}

@TECHREPORT{CMS-PAS-SMP-12-008,
   COLLABORATION = "CMS",
      AUTHOR      = "{CMS Collaboration}",
      title        = "{Absolute Calibration of the Luminosity Measurement at CMS:
                      Winter 2012 Update}",
      URL         = "http://cdsweb.cern.ch/record/1434360",
      TYPE        = "CMS Physics Analysis Summary",
      NUMBER      = "CMS-PAS-SMP-12-008",
      year         = "2012",
}

@ARTICLE{CMS-PAS-JME-10-010,
   COLLABORATION = "CMS",
   TITLE = "Jet Energy Corrections determination at 7 TeV",
   JOURNAL = "CMS PAS",
   VOLUME = "\href{http://cms.cern.ch/iCMS/analysisadmin/get?analysis=JME-10-010-pas.pdf}{JME-2010-010}",
   YEAR = "2010"}



@MISC{jetsyst, NOTE = "
  {\protect M. Voutilainen  {\it et al.},
   "Absolute jet energy correction uncertainty,"
   CMS-AN-2010/304.}
"}


@ARTICLE{jetsyst2, 
   COLLABORATION = "CMS",
   TITLE = "Jet Energy Resolution in CMS at $\sqrt{s} = 7$ TeV",
   JOURNAL = "CMS PAS",
   VOLUME = "\href{http://cms.cern.ch/iCMS/analysisadmin/get?analysis=JME-10-014-pas.pdf}{JME-2010-014}",
   YEAR = "2010"}




@ARTICLE{met, 
   COLLABORATION = "CMS",
   TITLE = "Missing ET Uncertainty Prescription",
   JOURNAL = "CMS twiki",
   VOLUME = "\href{http://twiki.cern.ch/twiki/bin/viewauth/CMS/MissingETUncertaintyPrescription}{MET twiki}",
   YEAR = "2011"}


@ARTICLE{CMS-BTV-10-001,
   COLLABORATION = "CMS",
   TITLE = "Commissioning of b-jet identification with pp collisions at $\sqrt{s} = 7$ TeV",
   JOURNAL = "CMS PAS",
   VOLUME = "\href{http://cms.cern.ch/iCMS/analysisadmin/get?analysis=BTV-10-001-pas.pdf}{BTV-2010-001}",
   YEAR = "2010"}



@MISC{PYTHIA, NOTE = "
  {\protect T.~Sj\"ostrand, L.~L\"onnblad and S.~Mrenna,
           ``PYTHIA 6.2: Physics and manual'', arXiv:hep-ph/0108264.}
"}

@MISC{MCNLO, NOTE = "
  S.~Frixione and B.R.~Webber,
           ``The MC@NLO 3.2 Event Generator'', CERN-PH-TH/2006-012 (2006).
"}

@MISC{CTEQ, NOTE = "
  J.~Pumplin \etal, JHEP 0207:012 and
           arXiv:hep-ph/0201195 (2002).
"}


@MISC{MRST, NOTE = "
  R.S.~Thorne \etal, Acta Phys.Polon. B33 (2002) 2927-2932
           and arXiv:hep-ph/0207067 (2002)
"}

@MISC{JINST, NOTE="CMS Collaboration, ``The CMS experiment at the CERN LHC'', JINST 0803:S08004,2008"}

@MISC{LHCLuminosityPaper, NOTE="
           LHC/CMS luminosity reference
"}

@MISC{GEANT4, NOTE = "
  S.~Agostinelli \etal, Nucl. Instr. and Methods A 506 (2003) 250-303
"}

@MISC{ALPGEN, NOTE = "
  ALPGEN generator reference.
"}

@MISC{MCFM, NOTE = "
  J.~Campbell and R.K.~Ellis, ``Monte Carlo for FeMtobarn processes'', http://mcfm.fnal.gov/
"}


@MISC{ANTIKT, NOTE="M. Cacciari, G.P. Salam, and G. Soyez, Ã¢ÂÂThe anti-kt jet clustering algorithmÃ¢ÂÂ, JHEP 0804, (2008) 063."}

@MISC{HLT, NOTE="W. Adam et al., {\em The CMS High Level Trigger}, ~{\bf Eur. Phys. J. C46 (2006), 605-667}"}

@MISC{SC, NOTE="S. Baffioni et. al.,~{\em Electron reconstruction in CMS},~{\bf CMS NOTE-2006/040}"}

@MISC{GSF, NOTE="W. Adam et. al.,~{\em Reconstruction of Electrons with the Gaussian-Sum Filter in the CMS Tracker at the LHC},~{\bf CMS Note 2005/001}"}

@MISC{PFT, NOTE="CMS Collaboration,~{\em Event Reconstruction in CMS and Performance for Jets, Taus, and ETmiss},~{\bf CMS PAS PFT-09-001}"}

@MISC{MSTW2008, NOTE="A.D. Martin, W.J. Stirling, R.S. Thorne, and G. Watt,~{\bf arXiv:0901.0002.}"}

@MISC{TandP, NOTE="CMS Collaboration,~{\em Measuring Electron Efficiencies at CMS with Early Data},~{\bf CMS PAS EGM-07-001}"}

@MISC{SomeHeraThing, NOTE = "Proceedings of the workshop: ~{\em HERA and the LHC workshop series on the implications of HERA for LHC physics }, ~{\bf arXiv:0903.3861}"}

@MISC{MCNLO, NOTE=" S.~Frixione and B.R.~Webber,
         ``The MC@NLO 3.2 Event Generator'', CERN-PH-TH/2006-012 (2006). "}


@Article{MADGRAPH, 
  author     = "Maltoni, F. and Stelzer, T.",
  title      = "MadEvent: Automatic event generation with MadGraph",
  journal    = "JHEP",
  volume     = "02",
  year       = "2003",
  pages      = "027",
  eprint    = "hep-ex/0208156",
  archivePrefix = "arXiv"
}



@ARTICLE{metPAS,
   COLLABORATION = "CMS",
   TITLE = "CMS MET Performance in Events Containing Electroweak Bosons from pp Collisions at $\sqrt{s}$=7 TeV",
   JOURNAL = "CMS PAS",
   VOLUME = "\href{http://cms.cern.ch/iCMS/analysisadmin/get?analysis=JME-10-005-pas-v0.pdf}{JME-2010-005}",
   YEAR = "2010"}


 @Article{fastjet1,
     author    = "{M. Cacciari and G.P. Salam,}",
     title     = "Pileup subtraction using jet areas (hep-ph/0707.1378)",
     journal   = "Physics Letters",
     volume    = "B 659",
     year      = "2008",
     pages     = "119-126",
     doi       = "10.1016/j.physletb.2007.09.077"
}
  @Article{fastjet2,
     author    = "{M. Cacciari, G.P. Salam and G. Soyez}",
     title     = "The catchment area of jets (hep-ph/0802.1188)",
     journal   = "JHEP",
     volume    = "0804",
     year      = "2008",
     pages     = "005",
     doi       = "10.1088/1126-6708/2008/04/005"
}

@Article{POWHEG,
     author    = "Frixione, Stefano and Nason, Paolo and Oleari, Carlo",
     title     = "{Matching NLO QCD computations with Parton Shower
                  simulations: the POWHEG method}",
     journal   = "JHEP",
     volume    = "11",
     year      = "2007",
     pages     = "070",
     eprint    = "0709.2092",
     archivePrefix = "arXiv",
     primaryClass  =  "hep-ph",
     doi       = "10.1088/1126-6708/2007/11/070",
     SLACcitation  = "%%CITATION = 0709.2092;%%"
}

@Article{MNUserGuide,
     author    = "F. James, M. Winkler",
     title     = "{Minuit User's Guide}",
     journal   = "CERN",
     year      = "2004",
     pages     = "",
     eprint    = "seal.web.cern.ch/seal/documents/minuit/mnusersguide.pdf",
     archivePrefix = "",
     SLACcitation  = ""
}



@Article{WZCMS:2010,
     COLLABORATION = "CMS",
     title     = "{Measurements of Inclusive W and Z Cross Sections in pp Collisions at $\sqrt{s}$ = 7~TeV}",
     journal   = "JHEP",
     volume    = "2",
     year      = "2011",
     pages     = "2-40",
     eprint    = "hep-ph/10122466",
     archivePrefix = "arXiv",
     doi       = "10.1007/JHEP01(2011)080",
     SLACcitation  = ""
}

@Article{TtChan,
     author    = "{B. Klingebiel, M. Erdmann, J. Steggermann, et al.}",
     title     = "{Precise Measurement of the t-Channel Signle Top Quark Cross Section using Boosted Decision Trees with the CMS Experiment at 7 TeV}",
     journal   = "CMS PAS",
     volume    = "11-246",
     year      = "2012",
     pages     = "150",
     doi       = ""
}

@Article{tW:2012,
     author    = "{R. Suarez, et al.}",
     title     = "{Search for Single top tW associated production in the dilepton decay channel with the full 2011 dataset}",
     journal   = "CMS PAS",
     volume    = "11-465",
     year      = "2012",
     pages     = "69",
     doi       = ""
}

@Article{ttbar:2012,
     author    = "{M. Maes, J. D'Hondt}",
     title     = "{Combined measurement of the ttbar cross section and the b-tagging efficiency using muon+jet events}",
     journal   = "CMS PAS",
     volume    = "11-232",
     year      = "2012",
     pages     = "31",
     doi       = ""
}

@Article{WWPas,
     title     = "{Measurement of WW production rate in pp collisions at 7 TeV}",
     journal   = "CMS PAS",
     year      = "2012",
     doi       = ""
}

@Article{WZPas,
     title     = "{Measurement of WW,WZ and ZZ production rate in pp collisions at 7 TeV}",
     journal   = "CMS PAS",
     year      = "2011",
     doi       = ""
}

@TECHREPORT{BTAGNOTE,
   COLLABORATION = "CMS",
      title        = "Identification of b-quark jets with the CMS experiment",
      TYPE        = "CMS Physics Analysis Summary",
      number       = "CMS-BTV-12-001",
      URL          ="https://cds.cern.ch/record/1494669",
      year         = "2012",
      eprint        = "1211.4462",
     archivePrefix  = "arXiv",
     primaryClass   = "hep-ex",
      note         = "Comments: Submitted to the Journal of Instrumentation"
}

@Article{refCSV,
     author    = "{C. Weiser}",
     title     = "{A Combined Secondary Vertex Based B-Tagging Algorithm in CMS}",
     journal   = "CMS NOTE",
     volume    = "014",
     year      = "2006",
     pages     = "17",
     doi       = ""
}


@Article{ref:antikt,
     author    = "{M. Cacciari, G.P. Salam, and G. Soyez}",
     title     = "{The anti-kt jet clustering algorithm}",
     journal   = "JHEP",
     volume    = "0804",
     year      = "2008",
     pages     = "063",
     doi       = ""
}


@Article{jme-10-010,
     author    = "{CMS Collaboration}",
     title     = "{Jet Energy Corrections determination at $\sqrt{s}=7$ TeV}",
     journal   = "CMS PAS JME",
     volume    = "10-010",
     year      = "2010",
     pages     = "",
     doi       = ""
}

@MISC{PDF4LHC,
NOTE="PDF4LHC Working Group,
{\tt http://www.hep.ucl.ac.uk/pdf4lhc/PDF4LHCrecom.pdf}"
}


@Article{PTDR2,
     author    = "{CMS Collaboration}",
     title     = "{CMS} technical design report, volume {II}: {Physics}
                  performance",
     journal   = "J. Phys. G",
     volume    = "34",
     year      = "2007",
     pages     = "995-1579",
     doi       = "10.1088/0954-3899/34/6/S01",
     SLACcitation  = "%%CITATION = JPHGB,G34,995;%%"
}
%SPIRES had this one as R. Adophi, et. al. Wrong.
@Article{CMS:2008zzk,
     author    = "Chatrchyan, S. and others",
     collaboration = "CMS",
     title     = "{The CMS experiment at the CERN LHC}",
     journal   = "JINST",
     volume    = "3",
     year      = "2008",
     pages     = "S08004",
     doi       = "10.1088/1748-0221/3/08/S08004",
     SLACcitation  = "%%CITATION = JINST,3,S08004;%%"
}
%
% We cite PASs as if the CDS collection is a journal. This may be changed to a TECHREPORT.
%
@ARTICLE{CMS-PAS-JME-10-003,
      AUTHOR      = "{CMS Collaboration}",
      COLLABORATION = {CMS},
      TITLE       = "Jet Performance in pp Collisions at $\sqrt{s}$=7 {TeV}",
      URL         = "http://cdsweb.cern.ch/record/1279362",
      JOURNAL     = "CMS Physics Analysis Summary",
      VOLUME      = "CMS-PAS-JME-10-003",
      YEAR        = "2010"
}
%
% An example of a document which only appears on arXiv
%
@UNPUBLISHED{LEPewkfits,
     author = "{ALEPH, CDF, D0, DELPHI, L3, OPAL, SLD Collaborations,
                                    the LEP Electroweak Working Group, the Tevatron Electroweak Working Group, and the SLD Electroweak and Heavy Flavour Groups}",
     title     = "Precision electroweak measurements and constraints on
the {Standard Model}",
     URL       = "http://lepewwg.web.cern.ch/LEPEWWG",
     eprint    = "1012.2367",
     archivePrefix = "arXiv",
     primaryClass  =  "hep-ex",
     year  = "2010",
     SLACcitation  = "%%CITATION = 1012.2367;%%"
}
%
% A document hosted on a laboratory server
%
@TECHREPORT{Bertram:2000br,
  author = " Bertram, I. and Landsberg, G. and Linnemann, J. and Partridge, R. and Paterno, M. and Prosper, H.B.",
  title =  "A Recipe for the construction of confidence limits",
  institution = "Fermilab",
  number     = "{TM-2104}",
  url = "http://lss.fnal.gov/archive/test-tm/2000/fermilab-tm-2104.pdf",
  year = "2000"
 }
%
% A CMS paper submitted but not yet accepted; The SLACcitation is not necessary. This one is now accepted rather than submitted, however.
%
@Unpublished{Khachatryan:2010mp,
     author    = "{CMS Collaboration}",
     collaboration = "CMS",
     title     = "Search for Pair Production of First-Generation Scalar Leptoquarks in pp Collisions at $\sqrt{s} = 7$ {TeV}",
     note  = "Submitted to \textit{Phys. Rev. Lett.}",
     eprint    = "1012.4031",
     archivePrefix = "arXiv",
     primaryClass  =  "hep-ex",
     year = "2010",
     SLACcitation  = "%%CITATION = 1012.4031;%%"
}

@article{Eichten:2011sh,
      author         = "Eichten, Estia J. and Lane, Kenneth and Martin, Adam",
      title          = "{Technicolor at the Tevatron}",
      year           = "2011",
      eprint         = "1104.0976",
      archivePrefix  = "arXiv",
      primaryClass   = "hep-ph",
}

@article{Buckley:2011vc,
      author         = "Buckley, Matthew R. and Hooper, Dan and Kopp, Joachim and
                        Neil, Ethan",
      title          = "{Light Z' Bosons at the Tevatron}",
      year           = "2011",
      eprint         = "1103.6035",
      archivePrefix  = "arXiv",
      primaryClass   = "hep-ph",
}


@article{TOP11003,
      title        = "Measurement of ttbar Pair Production Cross Section at
                      sqrt(s)=7 TeV using b-quark Jet Identification Techniques in
                      Lepton + Jet Events",
      journal ="CMS PAS",
      volume="TOP-11-003",
      collaboration = "CMS",
      year         = "2011",
}


@article{EWK11010,
      title        = "Measurement of the WW, WZ and ZZ cross sections at CMS",
      collaboration = "CMS",
      journal ="CMS PAS",
      volume="EWK-11-010",
      year         = "2011",
}

@Article{ELM_LHC,
     author    = "Eichten, Estia and Lane, Kenneth and Martin, Adam",
     title     = "{Testing CDF's Dijet Excess and Technicolor at the LHC}",
     year      = "2011",
     eprint    = "1107.4075",
     archivePrefix = "arXiv",
     primaryClass  =  "hep-ph",
     SLACcitation  = "%%CITATION = 1107.4075;%%"
}


@Article{ELM_Tevatron,
     author    = "Eichten, Estia J. and Lane, Kenneth and Martin, Adam",
     title     = "{Technicolor at the Tevatron}",
     journal   = "Phys. Rev. Lett.",
     volume    = "106", 
     year      = "2011",
     pages     = "251803",
     eprint    = "1104.0976",
     archivePrefix = "arXiv",
     primaryClass  =  "hep-ph",
     doi       = "10.1103/PhysRevLett.106.251803",
     SLACcitation  = "%%CITATION = 1104.0976;%%"
}
@Article{simplecutbasedelectronid,
note = "https://twiki.cern.ch/twiki/bin/viewauth/CMS/SimpleCutBasedEleID"
}

@Article{MUONHLTTWIKI,
note = "https://twiki.cern.ch/twiki/bin/viewauth/CMS/MuonHLT"
}



@ARTICLE{SHERPA,
     AUTHOR       = "Gleisbergand, T. and others",
     TITLE        = "Event generation with SHERPA 1.1",
     SLACcitation  = "arxiv: 0811.4622",
     doi       = "10.1088/1126-6708/2009/02/007"
}


@Article{FastJetPUSubtraction,
     author    = "Cacciari, Matteo and Salam, Gavin P.",
     title     = "{Pileup subtraction using jet areas}",
     journal   = "Phys. Lett.",
     volume    = "B659",
     year      = "2008",
     pages     = "119-126",
     eprint    = "0707.1378",
     archivePrefix = "arXiv",
     primaryClass  =  "hep-ph",
     doi       = "10.1016/j.physletb.2007.09.077",
     SLACcitation  = "%%CITATION = 0707.1378;%%"
}


@Article{cmsBTAGPAPER,
      COLLABORATION = "CMS",
      title        = "Identification of b-quark jets with the CMS experiment",
      institution  = "CERN",
      address      = "Geneva",
      number       = "arXiv:1211.4462. CMS-BTV-12-001. CERN-PH-EP-2012-262",
      month        = "Nov",
      year         = "2012",
      note         = "Comments: Submitted to the Journal of Instrumentation",
}


@Article{Field:2010bc,
  author="R.~Field",
  title="Early LHC Underlying Event Data - Findings and Surprises",
  eprint="arXiv:1010.3558 [hep-ph]",
  year=2010
}


@Article{Chatrchyan:2009hy,
     author    = "Chatrchyan, Serguei and others",
 collaboration = "CMS",
     title     = "{Identification and Filtering of Uncharacteristic Noise in
                  the CMS Hadron Calorimeter}",
     journal   = "JINST",
     volume    = "5",
     year      = "2010",
     pages     = "T03014",
     eprint    = "0911.4881",
     archivePrefix = "arXiv",
     primaryClass  =  "physics.ins-det",
     doi       = "10.1088/1748-0221/5/03/T03014",
     SLACcitation  = "%%CITATION = 0911.4881;%%"
}
